



@inproceedings{Esparza:1996:DCP:647444.727062,
 author = {Esparza, Javier},
 title = {Decidability and Complexity of Petri Net Problems - An Introduction},
 booktitle = {Lectures on Petri Nets I: Basic Models, Advances in Petri Nets},
 year = {1998},
 OPTisbn = {3-540-65306-6},
 pages = {374--428},
 numpages = {55},
 OPTurl = {http://dl.acm.org/citation.cfm?id=647444.727062},
 acmid = {727062},
 publisher = {Springer-Verlag},
 OPTaddress = {London, UK, UK},
}




@INPROCEEDINGS{7536393,
author = {P. Tsankov and M. T. Dashti and D. Basin},
booktitle = {Proceedings of (CSF)},
OPTbooktitle = {2016 IEEE 29th Computer Security Foundations Symposium (CSF)},
title = {Access Control Synthesis for Physical Spaces},
year = {2016},
OPTvolume = {00},
number = {},
pages = {443-457},
keywords={Aerospace electronics;Buildings;Synthesizers;Access control;Airports;Manuals},
OPTdoi = {10.1109/CSF.2016.38},
OPTurl = {OPTdoi.ieeecomputersociety.org/10.1109/CSF.2016.38},
ISSN = {2374-8303},
OPTmonth={June}
}


@article{Mai:2011:DDP:2043164.2018470,
 author = {Mai, Haohui and Khurshid, Ahmed and Agarwal, Rachit and Caesar, Matthew and Godfrey, P. Brighten and King, Samuel Talmadge},
 title = {Debugging the Data Plane with Anteater},
 journal = {SIGCOMM Comput. Commun. Rev.},
 issue_date = {August 2011},
 volume = {41},
 number = {4},
 OPTmonth = aug,
 year = {2011},
 issn = {0146-4833},
 pages = {290--301},
 numpages = {12},
 OPTurl = {http://OPTdoi.acm.org/10.1145/2043164.2018470},
 OPTdoi = {10.1145/2043164.2018470},
 acmid = {2018470},
 publisher = {ACM},
 OPTaddress = {New York, NY, USA},
 keywords = {boolean satisfiability, data plane analysis, network troubleshooting},
}


@INPROCEEDINGS{6987609,
author={R. Majumdar and S. Deep Tetali and Z. Wang},
booktitle={Proceedings of {FMCAD}},
title={Kuai: A model checker for software-defined networks},
year={2014},
volume={},
number={},
pages={163-170},
keywords={formal verification;optimisation;software defined networking;Kuai;software-defined networks;SDN;software controller;packet-forwarding rules;distributed enumerative model checker;large-scale distribution;Control systems;Ports (Computers);Aerospace electronics;Process control;Model checking;Safety;Semantics},
OPTdoi={10.1109/FMCAD.2014.6987609},
ISSN={},
OPTmonth={Oct}
}


@inproceedings{Canini:2012:NWT:2228298.2228312,
 author = {Canini, Marco and Venzano, Daniele and Pere\v{s}\'{\i}ni, Peter and Kosti\'{c}, Dejan and Rexford, Jennifer},
 title = {A {NICE} Way to Test Openflow Applications},
 booktitle = {Proceedings of {NSDI}},
 OPTseries = {NSDI'12},
 year = {2012},
 location = {San Jose, CA},
 pages = {127--140},
 numpages = {1},
 OPTurl = {http://dl.acm.org/citation.cfm?id=2228298.2228312},
 acmid = {2228312},
 OPTpublisher = {USENIX Association},
 OPTaddress = {Berkeley, CA, USA},
}



@inproceedings{Kazemian:2012:HSA:2228298.2228311,
 author = {Kazemian, Peyman and Varghese, George and McKeown, Nick},
 title = {Header Space Analysis: Static Checking for Networks},
 booktitle = {Proceedings of {NSDI}},
 OPTseries = {NSDI'12},
 year = {2012},
 location = {San Jose, CA},
 pages = {113--126},
 numpages = {1},
 OPTurl = {http://dl.acm.org/citation.cfm?id=2228298.2228311},
 acmid = {2228311},
 OPTpublisher = {USENIX Association},
 OPTaddress = {Berkeley, CA, USA},
}


@inproceedings{Jin:2014:DSN:2619239.2626307,
 author = {Jin, Xin and Liu, Hongqiang Harry and Gandhi, Rohan and Kandula, Srikanth and Mahajan, Ratul and Zhang, Ming and Rexford, Jennifer and Wattenhofer, Roger},
 title = {Dynamic Scheduling of Network Updates},
 booktitle = {Proceedings {SIGCOMM}},
 OPTseries = {SIGCOMM '14},
 year = {2014},
 isbn = {978-1-4503-2836-4},
 location = {Chicago, Illinois, USA},
 pages = {539--550},
 numpages = {12},
 OPTurl = {http://OPTdoi.acm.org/10.1145/2619239.2626307},
 OPTdoi = {10.1145/2619239.2626307},
 acmid = {2626307},
 OPTpublisher = {ACM},
 OPTaddress = {New York, NY, USA},
 keywords = {network update, software-defined networking},
}

@article{Jin:2014:DSN:2740070.2626307,
 author = {Jin, Xin and Liu, Hongqiang Harry and Gandhi, Rohan and Kandula, Srikanth and Mahajan, Ratul and Zhang, Ming and Rexford, Jennifer and Wattenhofer, Roger},
 title = {Dynamic Scheduling of Network Updates},
 journal = {SIGCOMM Comput. Commun. Rev.},
 issue_date = {October 2014},
 volume = {44},
 number = {4},
 OPTmonth = aug,
 year = {2014},
 issn = {0146-4833},
 pages = {539--550},
 numpages = {12},
 OPTurl = {http://OPTdoi.acm.org/10.1145/2740070.2626307},
 OPTdoi = {10.1145/2740070.2626307},
 acmid = {2626307},
 publisher = {ACM},
 OPTaddress = {New York, NY, USA},
 keywords = {network update, software-defined networking},
}


@inproceedings{Katta:2013:ICU:2491185.2491191,
 author = {Katta, Naga Praveen and Rexford, Jennifer and Walker, David},
 title = {Incremental Consistent Updates},
 booktitle = {Proceedings of {HotSDN}},
 OPTseries = {HotSDN '13},
 year = {2013},
 isbn = {978-1-4503-2178-5},
 location = {Hong Kong, China},
 pages = {49--54},
 numpages = {6},
 OPTurl = {http://OPTdoi.acm.org/10.1145/2491185.2491191},
 OPTdoi = {10.1145/2491185.2491191},
 acmid = {2491191},
 publisher = {ACM},
 OPTaddress = {New York, NY, USA},
 keywords = {consistent network updates, frenetic, network programming languages, openflow, software-defined networking},
}




@inproceedings{DBLP:conf/tacas/KantLMPBD15,
  author    = {Gijs Kant and
               Alfons Laarman and
               Jeroen Meijer and
               Jaco van de Pol and
               Stefan Blom and
               Tom van Dijk},
  title     = {{LTSmin}: High-Performance Language-Independent Model Checking},
  booktitle = {Proceedings of {TACAS}},
  OPTbooktitle = {Tools and Algorithms for the Construction and Analysis of Systems
               - 21st International Conference, {TACAS} 2015, Held as Part of the
               European Joint Conferences on Theory and Practice of Software, {ETAPS}
               2015, London, UK, April 11-18, 2015. Proceedings},
  pages     = {692--707},
  year      = {2015},
  OPTcrossref  = {DBLP:conf/tacas/2015},
  OPTurl       = {https://OPTdoi.org/10.1007/978-3-662-46681-0\_61},
  OPTdoi       = {10.1007/978-3-662-46681-0\_61},
  timestamp = {Fri, 02 Nov 2018 09:42:32 +0100},
  biburl    = {https://dblp.org/rec/bib/conf/tacas/KantLMPBD15},
  bibsource = {dblp computer science bibliography, https://dblp.org}
}

@inproceedings{DBLP:conf/tacas/Thierry-Mieg15,
  author    = {Yann Thierry{-}Mieg},
  title     = {Symbolic Model-Checking Using {ITS}-Tools},
  booktitle = {Proceedings of {TACAS}},
  OPTbooktitle = {Tools and Algorithms for the Construction and Analysis of Systems
               - 21st International Conference, {TACAS} 2015, Held as Part of the
               European Joint Conferences on Theory and Practice of Software, {ETAPS}
               2015, London, UK, April 11-18, 2015. Proceedings},
  pages     = {231--237},
  year      = {2015},
  OPTcrossref  = {DBLP:conf/tacas/2015},
  OPTurl       = {https://OPTdoi.org/10.1007/978-3-662-46681-0\_20},
  OPTdoi       = {10.1007/978-3-662-46681-0\_20},
  timestamp = {Fri, 02 Nov 2018 09:42:33 +0100},
  biburl    = {https://dblp.org/rec/bib/conf/tacas/Thierry-Mieg15},
  bibsource = {dblp computer science bibliography, https://dblp.org}
}

@article{DBLP:journals/topnoc/JensenNOS16,
  author    = {Jonas Finnemann Jensen and
               Thomas Nielsen and
               Lars Kaerlund Oestergaard and
               Jir{\'{\i}} Srba},
  title     = {{TAPAAL} and Reachability Analysis of {P/T} Nets},
  journal   = {T. Petri Nets and Other Models of Concurrency},
  volume    = {11},
  pages     = {307--318},
  year      = {2016},
  OPTcrossref  = {DBLP:journals/topnoc/2016-11},
  OPTurl       = {https://OPTdoi.org/10.1007/978-3-662-53401-4\_16},
  OPTdoi       = {10.1007/978-3-662-53401-4\_16},
  timestamp = {Thu, 18 May 2017 09:51:21 +0200},
  biburl    = {https://dblp.org/rec/bib/journals/topnoc/JensenNOS16},
  bibsource = {dblp computer science bibliography, https://dblp.org}
}

@article{DBLP:journals/sigmetrics/BaarirBCPDF09,
  author    = {Souheib Baarir and
               Marco Beccuti and
               Davide Cerotti and
               Massimiliano De Pierro and
               Susanna Donatelli and
               Giuliana Franceschinis},
  title     = {The {GreatSPN} tool: recent enhancements},
  journal   = {{SIGMETRICS} Performance Evaluation Review},
  volume    = {36},
  number    = {4},
  pages     = {4--9},
  year      = {2009},
  OPTurl       = {https://OPTdoi.org/10.1145/1530873.1530876},
  OPTdoi       = {10.1145/1530873.1530876},
  timestamp = {Tue, 06 Nov 2018 12:51:12 +0100},
  biburl    = {https://dblp.org/rec/bib/journals/sigmetrics/BaarirBCPDF09},
  bibsource = {dblp computer science bibliography, https://dblp.org}
}

@inproceedings{DBLP:conf/apn/Schmidt00,
  author    = {Karsten Schmidt},
  title     = {LoLA: {A} Low Level Analyser},
  booktitle = {Proceedings of {ICATPN}},
  pages     = {465--474},
  year      = {2000},
  OPTurl       = {https://OPTdoi.org/10.1007/3-540-44988-4\_27},
  OPTdoi       = {10.1007/3-540-44988-4\_27},
  timestamp = {Wed, 24 May 2017 15:40:42 +0200},
  biburl    = {https://dblp.org/rec/bib/conf/apn/Schmidt00},
  bibsource = {dblp computer science bibliography, https://dblp.org}
}

@inproceedings{DBLP:conf/sigcomm/ReitblattCGF13,
  author    = {Mark Reitblatt and
               Marco Canini and
               Arjun Guha and
               Nate Foster},
  title     = {FatTire: declarative fault tolerance for software-defined networks},
  booktitle = {Proceedings of {HotSDN}},
  OPTbooktitle = {Proceedings of the Second {ACM} {SIGCOMM} Workshop on Hot Topics in
               Software Defined Networking, HotSDN 2013, The Chinese University of
               Hong Kong, Hong Kong, China, Friday, August 16, 2013},
  pages     = {109--114},
  year      = {2013},
  OPTcrossref  = {DBLP:conf/sigcomm/2013hotsdn},
  OPTurl       = {https://OPTdoi.org/10.1145/2491185.2491187},
  OPTdoi       = {10.1145/2491185.2491187},
  timestamp = {Tue, 06 Nov 2018 11:07:12 +0100},
  biburl    = {https://dblp.org/rec/bib/conf/sigcomm/ReitblattCGF13},
  bibsource = {dblp computer science bibliography, https://dblp.org}
}

@inproceedings{DBLP:conf/cav/Wallner98,
  author    = {Frank Wallner},
  title     = {Model Checking {LTL} Using Net Unforldings},
  booktitle = {Proceedings of {CAV}},
  OPTbooktitle = {Computer Aided Verification, 10th International Conference, {CAV}
               '98, Vancouver, BC, Canada, June 28 - July 2, 1998, Proceedings},
  pages     = {207--218},
  year      = {1998},
  OPTcrossref  = {DBLP:conf/cav/1998},
  OPTurl       = {https://OPTdoi.org/10.1007/BFb0028746},
  OPTdoi       = {10.1007/BFb0028746},
  timestamp = {Tue, 23 May 2017 11:53:57 +0200},
  biburl    = {https://dblp.org/rec/bib/conf/cav/Wallner98},
  bibsource = {dblp computer science bibliography, https://dblp.org}
}

@article{DBLP:journals/ccr/McKeownABPPRST08,
  author    = {Nick McKeown and
               Tom Anderson and
               Hari Balakrishnan and
               Guru M. Parulkar and
               Larry L. Peterson and
               Jennifer Rexford and
               Scott Shenker and
               Jonathan S. Turner},
  title     = {OpenFlow: enabling innovation in campus networks},
  journal   = {Computer Communication Review},
  volume    = {38},
  number    = {2},
  pages     = {69--74},
  year      = {2008},
  OPTurl       = {http://OPTdoi.acm.org/10.1145/1355734.1355746},
  OPTdoi       = {10.1145/1355734.1355746},
  timestamp = {Sun, 11 May 2008 20:48:26 +0200},
  biburl    = {https://dblp.org/rec/bib/journals/ccr/McKeownABPPRST08},
  bibsource = {dblp computer science bibliography, https://dblp.org}
}

@inproceedings{DBLP:conf/pldi/BallBGIKSSV14,
  author    = {Thomas Ball and
               Nikolaj Bj{\o}rner and
               Aaron Gember and
               Shachar Itzhaky and
               Aleksandr Karbyshev and
               Mooly Sagiv and
               Michael Schapira and
               Asaf Valadarsky},
  title     = {VeriCon: towards verifying controller programs in software-defined
               networks},
  booktitle = {Proceedings of {PLDI}},
  OPTbooktitle = {{ACM} {SIGPLAN} Conference on Programming Language Design and Implementation,
               {PLDI} '14, Edinburgh, United Kingdom - June 09 - 11, 2014},
  pages     = {282--293},
  year      = {2014},
  OPTcrossref  = {DBLP:conf/pldi/2014},
  OPTurl       = {http://OPTdoi.acm.org/10.1145/2594291.2594317},
  OPTdoi       = {10.1145/2594291.2594317},
  timestamp = {Tue, 20 Dec 2016 10:12:01 +0100},
  biburl    = {https://dblp.org/rec/bib/conf/pldi/BallBGIKSSV14},
  bibsource = {dblp computer science bibliography, https://dblp.org}
}

@inproceedings{DBLP:conf/nsdi/MonsantoRFRW13,
  author    = {Christopher Monsanto and
               Joshua Reich and
               Nate Foster and
               Jennifer Rexford and
               David Walker},
  title     = {Composing Software Defined Networks},
  booktitle = {Proceedings of {NSDI}},
  OPTbooktitle = {Proceedings of the 10th {USENIX} Symposium on Networked Systems Design
               and Implementation, {NSDI} 2013, Lombard, IL, USA, April 2-5, 2013},
  pages     = {1--13},
  year      = {2013},
  OPTcrossref  = {DBLP:conf/nsdi/2013},
  OPTurl       = {https://www.usenix.org/conference/nsdi13/technical-sessions/presentation/monsanto},
  timestamp = {Wed, 04 Jul 2018 13:06:34 +0200},
  biburl    = {https://dblp.org/rec/bib/conf/nsdi/MonsantoRFRW13},
  bibsource = {dblp computer science bibliography, https://dblp.org}
}

@inproceedings{DBLP:conf/icfp/FosterHFMRSW11,
  author    = {Nate Foster and
               Rob Harrison and
               Michael J. Freedman and
               Christopher Monsanto and
               Jennifer Rexford and
               Alec Story and
               David Walker},
  title     = {Frenetic: a network programming language},
  booktitle = {Proceedings of {ICFP}},
  OPTbooktitle = {Proceeding of the 16th {ACM} {SIGPLAN} international conference on
               Functional Programming, {ICFP} 2011, Tokyo, Japan, September 19-21,
               2011},
  pages     = {279--291},
  year      = {2011},
  OPTcrossref  = {DBLP:conf/icfp/2011},
  OPTurl       = {http://OPTdoi.acm.org/10.1145/2034773.2034812},
  OPTdoi       = {10.1145/2034773.2034812},
  timestamp = {Thu, 22 Sep 2011 12:28:20 +0200},
  biburl    = {https://dblp.org/rec/bib/conf/icfp/FosterHFMRSW11},
  bibsource = {dblp computer science bibliography, https://dblp.org}
}

@article{DBLP:journals/ton/VanbeverVPFB12,
  author    = {Laurent Vanbever and
               Stefano Vissicchio and
               Cristel Pelsser and
               Pierre Fran{\c{c}}ois and
               Olivier Bonaventure},
  title     = {Lossless migrations of link-state {IGPs}},
  journal   = {{IEEE/ACM} Trans. Netw.},
  volume    = {20},
  number    = {6},
  pages     = {1842--1855},
  year      = {2012},
  OPTurl       = {https://OPTdoi.org/10.1109/TNET.2012.2190767},
  OPTdoi       = {10.1109/TNET.2012.2190767},
  timestamp = {Sat, 27 May 2017 14:24:26 +0200},
  biburl    = {https://dblp.org/rec/bib/journals/ton/VanbeverVPFB12},
  bibsource = {dblp computer science bibliography, https://dblp.org}
}

@inproceedings{DBLP:conf/networking/ForsterMW16,
  author    = {Klaus{-}Tycho F{\"{o}}rster and
               Ratul Mahajan and
               Roger Wattenhofer},
  title     = {Consistent updates in software defined networks: On dependencies,
               loop freedom, and blackholes},
  booktitle = {Proceedings of {IFIP} Networking},
  OPTbooktitle = {2016 {IFIP} Networking Conference, Networking 2016 and Workshops,
               Vienna, Austria, May 17-19, 2016},
  pages     = {1--9},
  year      = {2016},
  OPTcrossref  = {DBLP:conf/networking/2016},
  OPTurl       = {https://OPTdoi.org/10.1109/IFIPNetworking.2016.7497232},
  OPTdoi       = {10.1109/IFIPNetworking.2016.7497232},
  timestamp = {Thu, 15 Jun 2017 21:40:16 +0200},
  biburl    = {https://dblp.org/rec/bib/conf/networking/ForsterMW16},
  bibsource = {dblp computer science bibliography, https://dblp.org}
}

@inproceedings{DBLP:conf/hotnets/MahajanW13,
  author    = {Ratul Mahajan and
               Roger Wattenhofer},
  title     = {On consistent updates in software defined networks},
  booktitle = {Proceedings of {HotNets}},
  OPTbooktitle = {Twelfth {ACM} Workshop on Hot Topics in Networks, HotNets-XII, College
               Park, MD, USA, November 21-22, 2013},
  pages     = {20:1--20:7},
  year      = {2013},
  OPTcrossref  = {DBLP:conf/hotnets/2013},
  OPTurl       = {http://OPTdoi.acm.org/10.1145/2535771.2535791},
  OPTdoi       = {10.1145/2535771.2535791},
  timestamp = {Wed, 29 Mar 2017 16:45:25 +0200},
  biburl    = {https://dblp.org/rec/bib/conf/hotnets/MahajanW13},
  bibsource = {dblp computer science bibliography, https://dblp.org}
}

@inproceedings{DBLP:conf/sigcomm/LiuWZYWM13,
  author    = {Hongqiang Harry Liu and
               Xin Wu and
               Ming Zhang and
               Lihua Yuan and
               Roger Wattenhofer and
               David A. Maltz},
  title     = {{zUpdate}: updating data center networks with zero loss},
  booktitle = {Proceedings of {SIGCOMM}},
  booktitle = {{ACM} {SIGCOMM} 2013 Conference, SIGCOMM'13, Hong Kong, China, August
               12-16, 2013},
  pages     = {411--422},
  year      = {2013},
  OPTcrossref  = {DBLP:conf/sigcomm/2013},
  OPTurl       = {http://OPTdoi.acm.org/10.1145/2486001.2486005},
  OPTdoi       = {10.1145/2486001.2486005},
  timestamp = {Wed, 20 Jun 2018 15:57:49 +0200},
  biburl    = {https://dblp.org/rec/bib/conf/sigcomm/LiuWZYWM13},
  bibsource = {dblp computer science bibliography, https://dblp.org}
}

@inproceedings{DBLP:conf/wdag/CernyFJM16,
  author    = {Pavol Cern{\'{y}} and
               Nate Foster and
               Nilesh Jagnik and
               Jedidiah McClurg},
  title     = {Optimal Consistent Network Updates in Polynomial Time},
  booktitle = {Proceedings of {DISC}},
  OPTbooktitle = {Distributed Computing - 30th International Symposium, {DISC} 2016,
               Paris, France, September 27-29, 2016. Proceedings},
  pages     = {114--128},
  year      = {2016},
  OPTcrossref  = {DBLP:conf/wdag/2016},
  OPTurl       = {https://OPTdoi.org/10.1007/978-3-662-53426-7\_9},
  OPTdoi       = {10.1007/978-3-662-53426-7\_9},
  timestamp = {Fri, 19 May 2017 01:25:17 +0200},
  biburl    = {https://dblp.org/rec/bib/conf/wdag/CernyFJM16},
  bibsource = {dblp computer science bibliography, https://dblp.org}
}

@article{DBLP:journals/pieee/KreutzRVRAU15,
  author    = {Diego Kreutz and
               Fernando M. V. Ramos and
               Paulo Jorge Esteves Ver{\'{\i}}ssimo and
               Christian Esteve Rothenberg and
               Siamak Azodolmolky and
               Steve Uhlig},
  title     = {Software-Defined Networking: {A} Comprehensive Survey},
  journal   = {Proceedings of the {IEEE}},
  volume    = {103},
  number    = {1},
  pages     = {14--76},
  year      = {2015},
  OPTurl       = {https://OPTdoi.org/10.1109/JPROC.2014.2371999},
  OPTdoi       = {10.1109/JPROC.2014.2371999},
  timestamp = {Thu, 08 Jun 2017 09:04:06 +0200},
  biburl    = {https://dblp.org/rec/bib/journals/pieee/KreutzRVRAU15},
  bibsource = {dblp computer science bibliography, https://dblp.org}
}

@inproceedings{DBLP:conf/sigcomm/ReitblattFRSW12,
  author    = {Mark Reitblatt and
               Nate Foster and
               Jennifer Rexford and
               Cole Schlesinger and
               David Walker},
  title     = {Abstractions for network update},
  booktitle = {Proceedings of {SIGCOMM}},
  OPTbooktitle = {{ACM} {SIGCOMM} 2012 Conference, {SIGCOMM} '12, Helsinki, Finland
               - August 13 - 17, 2012},
  pages     = {323--334},
  year      = {2012},
  OPTcrossref  = {DBLP:conf/sigcomm/2012},
  OPTurl       = {http://OPTdoi.acm.org/10.1145/2342356.2342427},
  OPTdoi       = {10.1145/2342356.2342427},
  timestamp = {Sat, 08 Sep 2012 11:20:49 +0200},
  biburl    = {https://dblp.org/rec/bib/conf/sigcomm/ReitblattFRSW12},
  bibsource = {dblp computer science bibliography, https://dblp.org}
}

@article{DBLP:journals/cacm/CasadoFG14,
  author    = {Mart{\'{\i}}n Casado and
               Nate Foster and
               Arjun Guha},
  title     = {Abstractions for software-defined networks},
  journal   = {Commun. {ACM}},
  volume    = {57},
  number    = {10},
  pages     = {86--95},
  year      = {2014},
  OPTurl       = {http://OPTdoi.acm.org/10.1145/2661061.2661063},
  OPTdoi       = {10.1145/2661061.2661063},
  timestamp = {Thu, 07 May 2015 18:17:46 +0200},
  biburl    = {https://dblp.org/rec/bib/journals/cacm/CasadoFG14},
  bibsource = {dblp computer science bibliography, https://dblp.org}
}

@article{DBLP:journals/jsac/KnightNFBR11,
  author    = {Simon Knight and
               Hung X. Nguyen and
               Nick Falkner and
               Rhys Alistair Bowden and
               Matthew Roughan},
  title     = {The Internet Topology Zoo},
  journal   = {{IEEE} Journal on Selected Areas in Communications},
  volume    = {29},
  number    = {9},
  pages     = {1765--1775},
  year      = {2011},
  OPTurl       = {https://OPTdoi.org/10.1109/JSAC.2011.111002},
  OPTdoi       = {10.1109/JSAC.2011.111002},
  timestamp = {Tue, 06 Jun 2017 22:21:52 +0200},
  biburl    = {https://dblp.org/rec/bib/journals/jsac/KnightNFBR11},
  bibsource = {dblp computer science bibliography, https://dblp.org}
}

@inproceedings{DBLP:conf/pldi/McClurgHCF15,
  author    = {Jedidiah McClurg and
               Hossein Hojjat and
               Pavol Cern{\'{y}} and
               Nate Foster},
  title     = {Efficient synthesis of network updates},
  booktitle = {Proceedings of {SIGPLAN}},
  OPTbooktitle = {Proceedings of the 36th {ACM} {SIGPLAN} Conference on Programming
               Language Design and Implementation, Portland, OR, USA, June 15-17,
               2015},
  pages     = {196--207},
  year      = {2015},
  OPTcrossref  = {DBLP:conf/pldi/2015},
  OPTurl       = {http://OPTdoi.acm.org/10.1145/2737924.2737980},
  OPTdoi       = {10.1145/2737924.2737980},
  timestamp = {Fri, 05 Jun 2015 07:31:54 +0200},
  biburl    = {https://dblp.org/rec/bib/conf/pldi/McClurgHCF15},
  bibsource = {dblp computer science bibliography, https://dblp.org}
}

@inproceedings{DBLP:journals/corr/NoyesWCF14,
  author    = {Andrew Noyes and
               Todd Warszawski and
               Pavol Cern{\'{y}} and
               Nate Foster},
  title     = {Toward Synthesis of Network Updates},
  booktitle = {Proceedings of {SYNT}},
  OPTbooktitle = {Proceedings Second Workshop on Synthesis, {SYNT} 2013, Saint Petersburg,
               Russia, July 13th and July 14th, 2013.},
  pages     = {8--23},
  year      = {2013},
  OPTcrossref  = {DBLP:journals/corr/FinkbeinerS14},
  OPTurl       = {https://OPTdoi.org/10.4204/EPTCS.142.8},
  OPTdoi       = {10.4204/EPTCS.142.8},
  timestamp = {Wed, 12 Sep 2018 01:05:13 +0200},
  biburl    = {https://dblp.org/rec/bib/journals/corr/NoyesWCF14},
  bibsource = {dblp computer science bibliography, https://dblp.org}
}



@article{post1946variant,
  title={A variant of a recursively unsolvable problem},
  author={Post, Emil L.},
  journal={Bulletin of the American Mathematical Society},
  volume={52},
  number={4},
  pages={264--268},
  year={1946}
}

@inproceedings{DBLP:conf/stacs/Neary15,
  author    = {Turlough Neary},
  title     = {Undecidability in Binary Tag Systems and the Post Correspondence Problem
               for Five Pairs of Words},
  booktitle = {Proceedings of {STACS}},
  OPTbooktitle = {32nd International Symposium on Theoretical Aspects of Computer Science,
               {STACS} 2015, March 4-7, 2015, Garching, Germany},
  pages     = {649--661},
  year      = {2015},
  OPTcrossref  = {DBLP:conf/stacs/2015},
  OPTurl       = {https://OPTdoi.org/10.4230/LIPIcs.STACS.2015.649},
  OPTdoi      = {10.4230/LIPIcs.STACS.2015.649},
  timestamp = {Fri, 26 May 2017 00:48:31 +0200},
  biburl    = {https://dblp.org/rec/bib/conf/stacs/Neary15},
  bibsource = {dblp computer science bibliography, https://dblp.org}
}

@inproceedings{DBLP:conf/icalp/PnueliR89,
  author    = {Amir Pnueli and
               Roni Rosner},
  title     = {On the Synthesis of an Asynchronous Reactive Module},
  booktitle = {Proceedings of {ICALP}},
  OPTbooktitle = {Automata, Languages and Programming, 16th International Colloquium,
               ICALP89, Stresa, Italy, July 11-15, 1989, Proceedings},
  pages     = {652--671},
  year      = {1989},
  OPTcrossref  = {DBLP:conf/icalp/1989},
  OPTurl       = {https://OPTdoi.org/10.1007/BFb0035790},
  OPTdoi      = {10.1007/BFb0035790},
  timestamp = {Thu, 15 Jun 2017 21:39:15 +0200},
  biburl    = {http://dblp.org/rec/bib/conf/icalp/PnueliR89},
  bibsource = {dblp computer science bibliography, http://dblp.org}
}

@article{DBLP:journals/tocl/GastinS13,
  author    = {Paul Gastin and
               Nathalie Sznajder},
  title     = {Fair Synthesis for Asynchronous Distributed Systems},
  journal   = {{ACM} Trans. Comput. Log.},
  volume    = {14},
  number    = {2},
  pages     = {9:1--9:31},
  year      = {2013},
  OPTurl       = {http://OPTdoi.acm.org/10.1145/2480759.2480761},
  OPTdoi      = {10.1145/2480759.2480761},
  timestamp = {Mon, 09 Jan 2017 14:08:26 +0100},
  OPTbiburl    = {http://dblp.org/rec/bib/journals/tocl/GastinS13},
  bibsource = {dblp computer science bibliography, http://dblp.org}
}

@inproceedings{DBLP:conf/icalp/Muscholl15,
  author    = {Anca Muscholl},
  title     = {Automated Synthesis of Distributed Controllers},
  booktitle = {Proceedings of {ICALP}},
  OPTbooktitle = {Automata, Languages, and Programming - 42nd Intern. Colloquium,
               {ICALP} 2015, Kyoto, Japan, July 6-10, 2015, Proceedings, Part {II}},
  pages     = {11--27},
  year      = {2015},
  OPTcrossref  = {DBLP:conf/icalp/2015-2},
  OPTurl       = {https://OPTdoi.org/10.1007/978-3-662-47666-6\_2},
  OPTdoi      = {10.1007/978-3-662-47666-6\_2},
  timestamp = {Tue, 23 May 2017 01:08:21 +0200},
  biburl    = {http://dblp.org/rec/bib/conf/icalp/Muscholl15},
  bibsource = {dblp computer science bibliography, http://dblp.org}
}

@article{muscholl2009look,
  title={A look at the control of asynchronous automata},
  author={Muscholl, Anca and Walukiewicz, Igor and Zeitoun, Marc},
  journal={Perspectives in Concurrency Theory},
  pages={356--371},
  year={2009},
  publisher={Universities Press}
}

@inproceedings{DBLP:conf/fsttcs/FinkbeinerG17,
  author    = {Bernd Finkbeiner and
               Paul G{\"{o}}lz},
  title     = {Synthesis in Distributed Environments},
  booktitle = {Proceedings of {FSTTCS}},
  OPTbooktitle = {37th {IARCS} Annual Conference on Foundations of Software Technology
               and Theoretical Computer Science, {FSTTCS} 2017, December 11-15, 2017,
               Kanpur, India},
  pages     = {28:1--28:14},
  year      = {2017},
  OPTcrossref  = {DBLP:conf/fsttcs/2017},
  OPTurl       = {http://dx.OPTdoi.org/10.4230/LIPIcs.FSTTCS.2017.28},
  OPTdoi      = {10.4230/LIPIcs.FSTTCS.2017.28},
  timestamp = {Mon, 12 Feb 2018 10:56:14 +0100},
  biburl    = {http://dblp.org/rec/bib/conf/fsttcs/FinkbeinerG17},
  bibsource = {dblp computer science bibliography, http://dblp.org}
}

@inproceedings{DBLP:conf/fsttcs/Gimbert17,
  author    = {Hugo Gimbert},
  title     = {On the Control of Asynchronous Automata},
  booktitle = {Proceedings of {FSTTCS}},
  OPTbooktitle = {37th {IARCS} Annual Conference on Foundations of Software Technology
               and Theoretical Computer Science, {FSTTCS} 2017, December 11-15, 2017,
               Kanpur, India},
  pages     = {30:1--30:15},
  year      = {2017},
  OPTcrossref  = {DBLP:conf/fsttcs/2017},
  OPTurl       = {http://dx.OPTdoi.org/10.4230/LIPIcs.FSTTCS.2017.30},
  OPTdoi      = {10.4230/LIPIcs.FSTTCS.2017.30},
  timestamp = {Mon, 12 Feb 2018 10:56:14 +0100},
  biburl    = {http://dblp.org/rec/bib/conf/fsttcs/Gimbert17},
  bibsource = {dblp computer science bibliography, http://dblp.org}
}

@inproceedings{DBLP:conf/fsttcs/MuschollW14,
  author    = {Anca Muscholl and
               Igor Walukiewicz},
  title     = {Distributed Synthesis for Acyclic Architectures},
  booktitle = {Proceedings of {FSTTCS}},
  OPTbooktitle = {34th Intern. Conference on Foundation of Software Technology
               and Theoretical Computer Science, {FSTTCS} 2014, December 15-17, 2014,
               New Delhi, India},
  pages     = {639--651},
  year      = {2014},
  OPTcrossref  = {DBLP:conf/fsttcs/2014},
  OPTurl       = {https://OPTdoi.org/10.4230/LIPIcs.FSTTCS.2014.639},
  OPTdoi      = {10.4230/LIPIcs.FSTTCS.2014.639},
  timestamp = {Wed, 24 May 2017 08:30:17 +0200},
  biburl    = {http://dblp.org/rec/bib/conf/fsttcs/MuschollW14},
  bibsource = {dblp computer science bibliography, http://dblp.org}
}

@article{DBLP:journals/tcs/MeseguerMS96,
  author    = {Jos{\'{e}} Meseguer and
               Ugo Montanari and
               Vladimiro Sassone},
  title     = {Process versus Unfolding Semantics for Place/Transition {Petri} Nets},
  journal   = {Theor. Comput. Sci.},
  volume    = {153},
  number    = {1{\&}2},
  pages     = {171--210},
  year      = {1996},
  OPTurl       = {https://OPTdoi.org/10.1016/0304-3975(95)00121-2},
  OPTdoi      = {10.1016/0304-3975(95)00121-2},
  timestamp = {Sun, 28 May 2017 13:20:05 +0200},
  OPTbiburl    = {http://dblp.org/rec/bib/journals/tcs/MeseguerMS96},
  bibsource = {dblp computer science bibliography, http://dblp.org}
}

@article{DBLP:journals/tcs/NielsenPW81,
  author    = {Mogens Nielsen and
               Gordon D. Plotkin and
               Glynn Winskel},
  title     = {Petri Nets, Event Structures and Domains, Part {I}},
  journal   = {Theor. Comput. Sci.},
  volume    = {13},
  pages     = {85--108},
  year      = {1981},
  OPTurl       = {https://OPTdoi.org/10.1016/0304-3975(81)90112-2},
  OPTdoi      = {10.1016/0304-3975(81)90112-2},
  timestamp = {Sun, 28 May 2017 13:20:06 +0200},
  OPTbiburl    = {http://dblp.org/rec/bib/journals/tcs/NielsenPW81},
  bibsource = {dblp computer science bibliography, http://dblp.org}
}

@book{BF88,
 author       = {Eike Best and C\'{e}sar Fern\'{a}ndez},
 year         = {1988},
 title        = {Nonsequential Processes},
publisher    = {Springer},
 OPTdoi= {10.1007/978-3-642-73483-0}
}

@article{DBLP:journals/acta/Engelfriet91,
  author    = {Joost Engelfriet},
  title     = {Branching Processes of {P}etri Nets},
  journal   = {Acta Inf.},
  volume    = {28},
  number    = {6},
  pages     = {575--591},
  year      = {1991},
  OPTurl       = {https://OPTdoi.org/10.1007/BF01463946},
  OPTdoi      = {10.1007/BF01463946},
  timestamp = {Sun, 28 May 2017 13:22:47 +0200},
  OPTbiburl    = {http://dblp.org/rec/bib/journals/acta/Engelfriet91},
  bibsource = {dblp computer science bibliography, http://dblp.org}
}

@book{DBLP:books/sp/Reisig85a,
  author    = {Wolfgang Reisig},
  title     = {Petri Nets: An Introduction},
  OPTseries    = {{EATCS} Monographs on Theoretical Computer Science},
  OPTvolume    = {4},
  publisher = {Springer},
  year      = {1985},
  OPTurl       = {https://OPTdoi.org/10.1007/978-3-642-69968-9},
  OPTdoi      = {10.1007/978-3-642-69968-9},
  OPTisbn      = {3-540-13723-8},
  timestamp = {Tue, 16 May 2017 14:01:42 +0200},
  biburl    = {http://dblp.org/rec/bib/books/sp/Reisig85a},
  bibsource = {dblp computer science bibliography, http://dblp.org}
 }

 @book{Reisig2013,
  author    = {Wolfgang Reisig},
  title     = {Understanding Petri Nets -- Modeling Techniques, Analysis Methods,
               Case Studies},
  publisher = {Springer},
  year      = {2013},
  OPTurl       = {https://OPTdoi.org/10.1007/978-3-642-33278-4},
  OPTdoi      = {10.1007/978-3-642-33278-4},
  OPTisbn      = {978-3-642-33277-7}
}



@article{GenrichL81,
  author    = {Hartmann J. Genrich and
               Kurt Lautenbach},
  title     = {System Modelling with High-Level {Petri} Nets},
  journal   = {Theor. Comput. Sci.},
  volume    = {13},
  pages     = {109--136},
  year      = {1981},
  OPTurl       = {https://OPTdoi.org/10.1016/0304-3975(81)90113-4},
  OPTdoi      = {10.1016/0304-3975(81)90113-4}
}



@book{jensen92,
	title = {Coloured Petri Nets: Basic Concepts, Analysis Methods and Practical Use, Volume 1},
	OPTvolume = {1},
	OPTisbn = {978-3-662-06289-0},
	OPTurl = {http://dx.OPTdoi.org/10.1007/978-3-662-06289-0?nosfx=y},
	shorttitle = {Coloured Petri Nets},
	OPTpagetotal = {x+236},
	publisher = {Springer},
	author = {Jensen, Kurt},
	OPTurldate = {2016-12-13},
	year = {1992},
	OPTkeywords = {Computer science, Computer simulation, Simulation and Modeling, Software Engineering}
}


@inproceedings{DBLP:conf/concur/StefanescuEM03,
  author    = {Alin Stefanescu and
               Javier Esparza and
               Anca Muscholl},
  title     = {Synthesis of Distributed Algorithms Using Asynchronous Automata},
  booktitle = {Proceedings of {CONCUR}},
  OPTbooktitle = {{CONCUR} 2003 -- Concurrency Theory, 14th Intern. Conference,
               Marseille, France, September 3-5, 2003, Proceedings},
  pages     = {27--41},
  year      = {2003},
  OPTcrossref  = {DBLP:conf/concur/2003},
  OPTurl       = {https://OPTdoi.org/10.1007/978-3-540-45187-7\_2},
  OPTdoi      = {10.1007/978-3-540-45187-7\_2},
  timestamp = {Mon, 29 May 2017 16:53:44 +0200},
  biburl    = {http://dblp.org/rec/bib/conf/concur/StefanescuEM03},
  bibsource = {dblp computer science bibliography, http://dblp.org}
}

@inproceedings{DBLP:conf/concur/MadhusudanT02,
  author    = {P. Madhusudan and
               P. S. Thiagarajan},
  title     = {A Decidable Class of Asynchronous Distributed Controllers},
  booktitle = {Proceedings of {CONCUR}},
  OPTbooktitle = {{CONCUR} 2002 - Concurrency Theory, 13th Intern. Conference,
               Brno, Czech Republic, August 20-23, 2002, Proceedings},
  pages     = {145--160},
  year      = {2002},
  OPTcrossref  = {DBLP:conf/concur/2002},
  OPTurl       = {https://OPTdoi.org/10.1007/3-540-45694-5\_11},
  OPTdoi      = {10.1007/3-540-45694-5\_11},
  timestamp = {Fri, 26 May 2017 14:09:15 +0200},
  biburl    = {http://dblp.org/rec/bib/conf/concur/MadhusudanT02},
  bibsource = {dblp computer science bibliography, http://dblp.org}
}

@inproceedings{DBLP:conf/tacas/KretinskyMWW17,
  author    = {Jan Kret{\'{\i}}nsk{\'{y}} and
               Tobias Meggendorfer and
               Clara Waldmann and
               Maximilian Weininger},
  title     = {Index Appearance Record for Transforming {R}abin Automata into Parity
               Automata},
  booktitle = {Proceedings of {TACAS} 2017},
  OPTbooktitle = {Tools and Algorithms for the Construction and Analysis of Systems
               - 23rd International Conference, {TACAS} 2017, Held as Part of the
               European Joint Conferences on Theory and Practice of Software, {ETAPS}
               2017, Uppsala, Sweden, April 22-29, 2017, Proceedings, Part {I}},
  pages     = {443--460},
  year      = {2017},
  OPTcrossref  = {DBLP:conf/tacas/2017-1},
  OPTurl       = {https://OPTdoi.org/10.1007/978-3-662-54577-5\_26},
  OPTdoi      = {10.1007/978-3-662-54577-5\_26},
  timestamp = {Thu, 15 Jun 2017 21:37:10 +0200},
  biburl    = {http://dblp.org/rec/bib/conf/tacas/KretinskyMWW17},
  bibsource = {dblp computer science bibliography, http://dblp.org}
}

@article{DBLP:journals/tcs/MullerS95,
  author    = {David E. Muller and
               Paul E. Schupp},
  title     = {Simulating Alternating Tree Automata by Nondeterministic Automata:
               New Results and New Proofs of the Theorems of {Rabin}, {McNaughton} and
               {Safra}},
  journal   = {Theor. Comput. Sci.},
  volume    = {141},
  number    = {1{\&}2},
  pages     = {69--107},
  year      = {1995},
  OPTurl       = {https://OPTdoi.org/10.1016/0304-3975(94)00214-4},
  OPTdoi      = {10.1016/0304-3975(94)00214-4},
  timestamp = {Sun, 28 May 2017 13:20:05 +0200},
  biburl    = {http://dblp.org/rec/bib/journals/tcs/MullerS95},
  bibsource = {dblp computer science bibliography, http://dblp.org}
}

@inproceedings{DBLP:conf/icalp/GenestGMW13,
  author    = {Blaise Genest and
               Hugo Gimbert and
               Anca Muscholl and
               Igor Walukiewicz},
  title     = {Asynchronous Games over Tree Architectures},
  booktitle = {Proceedings of {ICALP}},
  OPTbooktitle = {Automata, Languages, and Programming - 40th International Colloquium,
               {ICALP} 2013, Riga, Latvia, July 8-12, 2013, Proceedings, Part {II}},
  pages     = {275--286},
  year      = {2013},
  OPTcrossref  = {DBLP:conf/icalp/2013-2},
  OPTurl       = {https://OPTdoi.org/10.1007/978-3-642-39212-2\_26},
  OPTdoi      = {OPTdoi:10.1007/978-3-642-39212-2\_26},
  timestamp = {Tue, 23 May 2017 01:08:51 +0200},
  biburl    = {http://dblp.org/rec/bib/conf/icalp/GenestGMW13},
  bibsource = {dblp computer science bibliography, http://dblp.org}
}

@inproceedings{DBLP:conf/fsttcs/GastinLZ04,
  author    = {Paul Gastin and
               Benjamin Lerman and
               Marc Zeitoun},
  title     = {Distributed Games with Causal Memory Are Decidable for Series-Parallel
               Systems},
  booktitle = {Proceedings of {FSTTCS}},
  OPTbooktitle = {{FSTTCS} 2004: Foundations of Software Technology and Theoretical
               Computer Science, 24th International Conference, Chennai, India, December
               16-18, 2004, Proceedings},
  pages     = {275--286},
  year      = {2004},
  OPTcrossref  = {DBLP:conf/fsttcs/2004},
  OPTurl       = {https://OPTdoi.org/10.1007/978-3-540-30538-5\_23},
  OPTdoi      = {10.1007/978-3-540-30538-5\_23},
  timestamp = {Tue, 30 May 2017 16:36:53 +0200},
  biburl    = {http://dblp.org/rec/bib/conf/fsttcs/GastinLZ04},
  bibsource = {dblp computer science bibliography, http://dblp.org}
}

@article{DBLP:journals/ipl/Schewe14,
  author    = {Sven Schewe},
  title     = {Distributed synthesis is simply undecidable},
  journal   = {Inf. Process. Lett.},
  volume    = {114},
  number    = {4},
  pages     = {203--207},
  year      = {2014},
  opturl       = {https://OPTdoi.org/10.1016/j.ipl.2013.11.012},
  OPTdoi      = {10.1016/j.ipl.2013.11.012},
  timestamp = {Wed, 14 Jun 2017 20:37:16 +0200},
  biburl    = {http://dblp.org/rec/bib/journals/ipl/Schewe14},
  bibsource = {dblp computer science bibliography, http://dblp.org}
}

@book{olderog91,
  author = {Ernst{-}R{\"{u}}diger Olderog},
  title = {Nets, Terms and Formulas: Three Views of Concurrent Processes and Their Relationship},
  publisher = {Cambridge University Press},
  year = 1991,
  pages = {267},
  OPTnote = {Paperback Edition 2005},
  OPTurl = {http://www.cambridge.org/de/academic/subjects/computer-science/programming-languages-and-applied-logic/nets-terms-and-formulas-three-views-concurrent-processes-and-their-relationship} }

@article{DBLP:journals/iandc/FinkbeinerO17,
  author    = {Bernd Finkbeiner and
               Ernst{-}R{\"{u}}diger Olderog},
  title     = {Petri games: Synthesis of distributed systems with causal memory},
  journal   = {Inf. Comput.},
  volume    = {253},
  pages     = {181--203},
  year      = {2017},
  OPTdoi    = {10.1016/j.ic.2016.07.006},
  timestamp = {Wed, 29 Mar 2017 17:07:08 +0200},
  biburl    = {http://dblp.uni-trier.de/rec/bib/journals/iandc/FinkbeinerO17},
  bibsource = {dblp computer science bibliography, http://dblp.org}
}

@inproceedings{DBLP:conf/cav/FinkbeinerGO15,
  author    = {Bernd Finkbeiner and
               Manuel Gieseking and
               Ernst{-}R{\"{u}}diger Olderog},
  title     = {Adam: Causality-Based Synthesis of Distributed Systems},
  booktitle = {Proceedings of  {CAV}},
  pages     = {433--439},
  year      = {2015},
  OPTdoi      = {10.1007/978-3-319-21690-4\_25},
  timestamp = {Mon, 20 Jul 2015 11:27:14 +0200},
  biburl    = {http://dblp.uni-trier.de/rec/bib/conf/cav/FinkbeinerGO15},
  bibsource = {dblp computer science bibliography, http://dblp.org}
}


@article{DBLP:journals/corr/Tentrup16,
  author    = {Leander Tentrup},
  title     = {Solving {QBF} by Abstraction},
  journal   = {CoRR},
  volume    = {abs/1604.06752},
  year      = {2016},
  url       = {http://arxiv.org/abs/1604.06752},
  timestamp = {Mon, 02 May 2016 18:22:52 +0200},
  biburl    = {http://dblp.uni-trier.de/rec/bib/journals/corr/Tentrup16},
  bibsource = {dblp computer science bibliography, http://dblp.org}
}

@article{DBLP:journals/ita/Zielonka87,
  author    = {Wieslaw Zielonka},
  title     = {Notes on Finite Asynchronous Automata},
  journal   = {{ITA}},
  volume    = {21},
  number    = {2},
  pages     = {99--135},
  year      = {1987},
  timestamp = {Mon, 17 May 2004 08:21:22 +0200},
  biburl    = {http://dblp.uni-trier.de/rec/bib/journals/ita/Zielonka87},
  bibsource = {dblp computer science bibliography, http://dblp.org}
}

@book{DBLP:series/eatcs/EsparzaH08,
  author    = {Javier Esparza and
               Keijo Heljanko},
  title     = {Unfoldings -- {A} Partial-Order Approach to Model Checking},
  OPTseries    = {Monographs in Theoretical Computer Science. An {EATCS} Series},
  publisher = {Springer},
  year      = {2008},
  OPTdoi      = {10.1007/978-3-540-77426-6},
  OPTisbn      = {978-3-540-77425-9},
  timestamp = {Tue, 16 May 2017 14:24:23 +0200},
  biburl    = {http://dblp.uni-trier.de/rec/bib/series/eatcs/EsparzaH08},
  bibsource = {dblp computer science bibliography, http://dblp.org}
}

@article{DBLP:journals/sttt/FinkbeinerS13,
  author    = {Bernd Finkbeiner and
               Sven Schewe},
  title     = {Bounded synthesis},
  journal   = {{STTT}},
  volume    = {15},
  number    = {5-6},
  pages     = {519--539},
  year      = {2013},
  OPTdoi      = {10.1007/s10009-012-0228-z},
  timestamp = {Thu, 18 May 2017 09:53:11 +0200},
  biburl    = {http://dblp.uni-trier.de/rec/bib/journals/sttt/FinkbeinerS13},
  bibsource = {dblp computer science bibliography, http://dblp.org}
}

@inproceedings{DBLP:journals/corr/abs-1711-10637,
  author    = {Bernd Finkbeiner and
               Manuel Gieseking and
               Jesko Hecking{-}Harbusch and
               Ernst{-}R{\"{u}}diger Olderog},
  title     = {Symbolic vs. Bounded Synthesis for Petri Games},
  booktitle = {Proceedings of {SYNT@CAV}},
  pages     = {23--43},
  year      = {2017},
  OPTcrossref  = {DBLP:journals/corr/abs-1711-10224},
  OPTurl       = {https://OPTdoi.org/10.4204/EPTCS.260.5},
  OPTdoi      = {10.4204/EPTCS.260.5},
  timestamp = {Thu, 08 Feb 2018 14:09:57 +0100},
  biburl    = {http://dblp.org/rec/bib/journals/corr/abs-1711-10637},
  bibsource = {dblp computer science bibliography, http://dblp.org}
}

@techreport{Biere-FMV-TR-11-2,
  author = {Armin Biere and Keijo Heljanko and Siert Wieringa},
  title = {{AIGER 1.9} And Beyond},
  series = {Technical Report 11/2},
  date = {July 2011},
  OPTaddress =  {FMV Reports Series, Institute for Formal Models and
    Verification, Johannes Kepler University, Altenbergerstr. 69, 4040
      Linz, Austria},
  year={2011},
}

@inproceedings{DBLP:conf/post/ClarksonFKMRS14,
  author    = {Michael R. Clarkson and
               Bernd Finkbeiner and
               Masoud Koleini and
               Kristopher K. Micinski and
               Markus N. Rabe and
               C{\'{e}}sar S{\'{a}}nchez},
  title     = {Temporal Logics for Hyperproperties},
  booktitle = {Proceedings of {POST}},
  OPTbooktitle = {Principles of Security and Trust - Third International Conference,
               {POST} 2014, Held as Part of the European Joint Conferences on Theory
               and Practice of Software, {ETAPS} 2014, Grenoble, France, April 5-13,
               2014, Proceedings},
  pages     = {265--284},
  year      = {2014},
  OPTcrossref  = {DBLP:conf/post/2014},
  OPTurl       = {https://OPTdoi.org/10.1007/978-3-642-54792-8\_15},
  OPTdoi       = {10.1007/978-3-642-54792-8\_15},
  timestamp = {Tue, 26 Jun 2018 14:13:05 +0200},
  biburl    = {https://dblp.org/rec/bib/conf/post/ClarksonFKMRS14},
  bibsource = {dblp computer science bibliography, https://dblp.org}
}

@inproceedings{DBLP:conf/cav/FinkbeinerRS15,
  author    = {Bernd Finkbeiner and
               Markus N. Rabe and
               C{\'{e}}sar S{\'{a}}nchez},
  title     = {Algorithms for Model Checking {HyperLTL} and {HyperCTL}$^*$},
  booktitle = {Proceedings of {CAV}},
  OPTbooktitle = {Computer Aided Verifications, {CAV}
               2015, San Francisco, CA, USA, July 18-24, 2015, Proceedings, Part
               {I}},
  pages     = {30--48},
  year      = {2015},
  OPTcrossref  = {DBLP:conf/cav/2015-1},
  OPTurl       = {https://OPTdoi.org/10.1007/978-3-319-21690-4\_3},
  OPTdoi       = {10.1007/978-3-319-21690-4\_3},
  timestamp = {Thu, 25 May 2017 00:39:07 +0200},
  biburl    = {https://dblp.org/rec/bib/conf/cav/FinkbeinerRS15},
  bibsource = {dblp computer science bibliography, https://dblp.org}
}

@inproceedings{DBLP:conf/cav/BraytonM10,
  author    = {Robert K. Brayton and
               Alan Mishchenko},
  title     = {{ABC:} An Academic Industrial-Strength Verification Tool},
  booktitle = {Proceedings of {CAV}},
  OPTbooktitle = {Computer Aided Verification, 22nd International Conference, {CAV}
               2010, Edinburgh, UK, July 15-19, 2010. Proceedings},
  pages     = {24--40},
  year      = {2010},
  OPTcrossref  = {DBLP:conf/cav/2010},
  OPTurl       = {https://OPTdoi.org/10.1007/978-3-642-14295-6\_5},
  OPTdoi       = {10.1007/978-3-642-14295-6\_5},
  timestamp = {Wed, 03 Oct 2018 12:55:00 +0200},
  OPTbiburl    = {https://dblp.org/rec/bib/conf/cav/BraytonM10},
  bibsource = {dblp computer science bibliography, https://dblp.org}
}

@inproceedings{DBLP:conf/vmcai/Bradley11,
  author    = {Aaron R. Bradley},
  title     = {{SAT}-Based Model Checking without Unrolling},
  booktitle = {Proceedings of {VMCAI}},
  OPTbooktitle = {Verification, Model Checking, and Abstract Interpretation - 12th International
               Conference, {VMCAI} 2011, Austin, TX, USA, January 23-25, 2011. Proceedings},
  pages     = {70--87},
  year      = {2011},
  OPTcrossref  = {DBLP:conf/vmcai/2011},
  OPTurl       = {https://OPTdoi.org/10.1007/978-3-642-18275-4\_7},
  OPTdoi       = {10.1007/978-3-642-18275-4\_7},
  timestamp = {Wed, 24 May 2017 08:30:31 +0200},
  OPTbiburl    = {https://dblp.org/rec/bib/conf/vmcai/Bradley11},
  bibsource = {dblp computer science bibliography, https://dblp.org}
}

@inproceedings{DBLP:conf/fmcad/EenMB11,
  author    = {Niklas E{\'{e}}n and
               Alan Mishchenko and
               Robert K. Brayton},
  title     = {Efficient implementation of property directed reachability},
  booktitle = {Proceedings of {FMCAD}},
  pages     = {125--134},
  year      = {2011},
  OPTcrossref  = {DBLP:conf/fmcad/2011},
  OPTurl       = {http://dl.acm.org/citation.cfm?id=2157675},
  timestamp = {Sat, 29 Apr 2017 16:20:33 +0200},
  OPTbiburl    = {https://dblp.org/rec/bib/conf/fmcad/EenMB11},
  bibsource = {dblp computer science bibliography, https://dblp.org}
}

@misc{abcAsTheyWantIt,
	author    = {{Berkeley Logic Synthesis and Verification Group}},
	title 	  = {{ABC}: A System for Sequential Synthesis and Verification},
	note      = {Version 1.01 81030},
	OPTurl	  = {http://www.eecs.berkeley.edu/~alanmi/abc/}
}

@inproceedings{DBLP:conf/sas/McMillan03,
  author    = {Kenneth L. McMillan},
  title     = {Craig Interpolation and Reachability Analysis},
  booktitle = {Proceedings of {SAS}},
  OPTbooktitle = {Static Analysis, 10th International Symposium, {SAS} 2003, San Diego,
               CA, USA, June 11-13, 2003, Proceedings},
  pages     = {336},
  year      = {2003},
  OPTcrossref  = {DBLP:conf/sas/2003},
  OPTurl       = {https://OPTdoi.org/10.1007/3-540-44898-5\_18},
  OPTdoi       = {10.1007/3-540-44898-5\_18},
  timestamp = {Mon, 29 May 2017 16:53:44 +0200},
  OPTbiburl    = {https://dblp.org/rec/bib/conf/sas/McMillan03},
  bibsource = {dblp computer science bibliography, https://dblp.org}
}

@inproceedings{DBLP:conf/cav/BiereCRZ99,
  author    = {Armin Biere and
               Edmund M. Clarke and
               Richard Raimi and
               Yunshan Zhu},
  title     = {Verifiying Safety Properties of a Power {PC} Microprocessor Using
               Symbolic Model Checking without {BDDs}},
  OPTbooktitle = {Computer Aided Verification, 11th International Conference, {CAV}
               '99, Trento, Italy, July 6-10, 1999, Proceedings},
  booktitle = {Proceedings of {CAV}},
  pages     = {60--71},
  year      = {1999},
  OPTcrossref  = {DBLP:conf/cav/1999},
  OPTurl       = {https://OPTdoi.org/10.1007/3-540-48683-6\_8},
  OPTdoi       = {10.1007/3-540-48683-6\_8},
  timestamp = {Wed, 24 May 2017 15:40:41 +0200},
  OPTbiburl    = {https://dblp.org/rec/bib/conf/cav/BiereCRZ99},
  bibsource = {dblp computer science bibliography, https://dblp.org}
}



@inproceedings{DBLP:conf/fmcad/ClaessenES13,
  author    = {Koen Claessen and
               Niklas E{\'{e}}n and
               Baruch Sterin},
  title     = {A circuit approach to {LTL} model checking},
  OPTbooktitle = {Formal Methods in Computer-Aided Design, {FMCAD} 2013, Portland, OR,
               USA, October 20-23, 2013},
  booktitle = {Proceedings of {FMCAD}},
  pages     = {53--60},
  year      = {2013},
  OPTcrossref  = {DBLP:conf/fmcad/2013},
  OPTurl       = {http://ieeexplore.ieee.org/document/6679391/},
  timestamp = {Sun, 30 Apr 2017 09:41:36 +0200},
  OPTbiburl    = {https://dblp.org/rec/bib/conf/fmcad/ClaessenES13},
  bibsource = {dblp computer science bibliography, https://dblp.org}
}
